<record><leader>00000cas a22000007a 4500</leader><controlfield tag="001">15103973</controlfield><controlfield tag="008">870123d18971912inudn ne      0    0eng d</controlfield><datafield ind1=" " ind2=" " tag="010"><subfield code="a">sn 87055104 </subfield></datafield><datafield ind1=" " ind2=" " tag="040"><subfield code="a">NPI</subfield><subfield code="b">eng</subfield><subfield code="c">NPI</subfield><subfield code="d">OCLCQ</subfield></datafield><datafield ind1=" " ind2=" " tag="042"><subfield code="a">msc</subfield></datafield><datafield ind1="0" ind2=" " tag="130"><subfield code="a">Evening sentinel (Rochester, Ind.)</subfield></datafield><datafield ind1="1" ind2="4" tag="245"><subfield code="a">The Evening sentinel.</subfield></datafield><datafield ind1=" " ind2=" " tag="260"><subfield code="a">Rochester, Ind. :</subfield><subfield code="b">Henry A. Barnhart,</subfield><subfield code="c">-1912.</subfield></datafield><datafield ind1=" " ind2=" " tag="310"><subfield code="a">Daily (except Sun.)</subfield></datafield><datafield ind1="1" ind2=" " tag="362"><subfield code="a">Began in 1897.</subfield></datafield><datafield ind1="0" ind2=" " tag="362"><subfield code="a">-16th year, no. 311 (Dec. 31, 1912).</subfield></datafield><datafield ind1=" " ind2=" " tag="580"><subfield code="a">Also published in a weekly ed. called: Rochester weekly sentinel; Rochester sentinel, &lt;1902&gt;-</subfield></datafield><datafield ind1=" " ind2=" " tag="588"><subfield code="a">Description based on: 3rd year, no. 20 (Jan. 24, 1899).</subfield></datafield><datafield ind1=" " ind2=" " tag="752"><subfield code="a">United States</subfield><subfield code="b">Indiana</subfield><subfield code="c">Fulton</subfield><subfield code="d">Rochester.</subfield></datafield><datafield ind1="1" ind2=" " tag="775"><subfield code="t">Rochester weekly sentinel</subfield><subfield code="w">(DLC)sn 87055135</subfield><subfield code="w">(OCoLC)15114053</subfield></datafield><datafield ind1="1" ind2=" " tag="775"><subfield code="t">Rochester sentinel (Rochester, Ind. : 1902 : Weekly)</subfield><subfield code="w">(DLC)sn 87055136</subfield><subfield code="w">(OCoLC)15114077</subfield></datafield><datafield ind1="0" ind2="0" tag="785"><subfield code="t">Rochester sentinel (Rochester, Ind. : 1913 : Daily)</subfield><subfield code="w">(DLC)sn 87055130</subfield><subfield code="w">(OCoLC)15115591</subfield></datafield></record>